<collection xmlns="http://www.loc.gov/MARC21/slim">
<record>
  <leader>01537nam a2200385 a 4500</leader>
  <controlfield tag="001">3217039</controlfield>
  <controlfield tag="007">he amb---bbcp</controlfield>
  <controlfield tag="007">he bmb---baap</controlfield>
  <controlfield tag="008">850214s1875    enk     bb    001 0 eng d</controlfield>
  <datafield tag="020" ind1=" " ind2=" ">
    <subfield code="a">0665293534</subfield>
  </datafield>
  <datafield tag="035" ind1=" " ind2=" ">
    <subfield code="a">ocn317777342</subfield>
  </datafield>
  <datafield tag="040" ind1=" " ind2=" ">
    <subfield code="a">CaOOCIHM</subfield>
    <subfield code="b">eng</subfield>
    <subfield code="d">AEU</subfield>
  </datafield>
  <datafield tag="043" ind1=" " ind2=" ">
    <subfield code="a">n------</subfield>
  </datafield>
  <datafield tag="082" ind1="0" ind2=" ">
    <subfield code="a">910.951</subfield>
    <subfield code="2">19</subfield>
  </datafield>
  <datafield tag="090" ind1=" " ind2=" ">
    <subfield code="a">FC 02 0203 no. 29353</subfield>
    <subfield code="b">AEU</subfield>
  </datafield>
  <datafield tag="100" ind1="1" ind2=" ">
    <subfield code="a">Leland, Charles Godfrey,</subfield>
    <subfield code="d">1824-1903</subfield>
  </datafield>
  <datafield tag="245" ind1="1" ind2="0">
    <subfield code="a">Fusang, or, The discovery of America by Chinese Buddhist priests in the fifth century</subfield>
    <subfield code="h">[microform] /</subfield>
    <subfield code="c">by Charles G. Leland.</subfield>
  </datafield>
  <datafield tag="260" ind1=" " ind2=" ">
    <subfield code="a">London :</subfield>
    <subfield code="b">Trübner,</subfield>
    <subfield code="c">187</subfield>
  </datafield>
<!-- No separator at end of field length=31 -->
<!-- Bad indicator data. Skipping 2 bytes -->
  <datafield tag="300" ind1=" " ind2=" ">
    <subfield code="a">3 microfiches (124 fr.).</subfield>
  </datafield>
<!-- Bad indicator data. Skipping 2 bytes -->
  <datafield tag="490" ind1="1" ind2=" ">
    <subfield code="a">CIHM/ICMH Microfiche series = CIHM/ICMH collection de microfiches ;</subfield>
    <subfield code="v">no. 29353</subfield>
  </datafield>
<!-- Bad indicator data. Skipping 2 bytes -->
  <datafield tag="504" ind1=" " ind2=" ">
    <subfield code="a">Includes bibliographical references.</subfield>
  </datafield>
<!-- Bad indicator data. Skipping 2 bytes -->
  <datafield tag="504" ind1=" " ind2=" ">
    <subfield code="a">Includes index.</subfield>
  </datafield>
<!-- Bad indicator data. Skipping 2 bytes -->
  <datafield tag="533" ind1=" " ind2=" ">
    <subfield code="a">Filmed from a copy of the original publication held by the Bibliothèque nationale du Québec.</subfield>
    <subfield code="b">Ottawa :</subfield>
    <subfield code="c">Canadian Institute for Historical Microreproductions,</subfield>
    <subfield code="d">1</subfield>
  </datafield>
<!-- No separator at end of field length=171 -->
  <datafield tag="534" ind1="1" ind2="9">
    <subfield code="3">.</subfield>
  </datafield>
<!-- Separator but not at end of field length=25 -->
  <datafield tag="596" ind1="9" ind2=" ">
    <subfield code="m">.</subfield>
  </datafield>
<!-- Separator but not at end of field length=7 -->
<!-- Bad indicator data. Skipping 2 bytes -->
  <datafield tag="600" ind1="a" ind2="4">
  </datafield>
<!-- Separator but not at end of field length=41 -->
  <datafield tag="600" ind1="1" ind2="8">
    <subfield code="0">.</subfield>
  </datafield>
<!-- Separator but not at end of field length=41 -->
  <datafield tag="651" ind1="1" ind2="8">
    <subfield code="0">.</subfield>
  </datafield>
<!-- Separator but not at end of field length=49 -->
  <datafield tag="651" ind1="n" ind2="e">
    <subfield code="e">.</subfield>
  </datafield>
<!-- Separator but not at end of field length=53 -->
  <datafield tag="700" ind1="h" ind2="i">
    <subfield code="o">ises.</subfield>
  </datafield>
<!-- Separator but not at end of field length=41 -->
  <datafield tag="700" ind1="7" ind2="9">
    <subfield code="-">1870.</subfield>
  </datafield>
<!-- Separator but not at end of field length=21 -->
  <datafield tag="830" ind1=" " ind2="B">
    <subfield code="r">clay.</subfield>
  </datafield>
<!-- Separator but not at end of field length=45 -->
  <datafield tag="949" ind1="n" ind2="o">
    <subfield code=" ">29353</subfield>
  </datafield>
<!-- Separator but not at end of field length=22 -->
  <datafield tag="016" ind1="z" ind2="C">
    <subfield code="H">MMPRE</subfield>
  </datafield>
<!-- Separator but not at end of field length=15 -->
  <datafield tag="926" ind1="8" ind2="5">
    <subfield code="2">5634X</subfield>
  </datafield>
<!-- Separator but not at end of field length=58 -->
</record>
</collection>
